@MISC{website:kitipat_heatmap,
author = {Kampa, Kittipat},
title = {LIBSVM demo and parameter estimation in MATLAB},
month = jan,
year = {2013},
howpublished={\url{https://sites.google.com/site/kittipat/libsvm_matlab}}
}

@MISC{website:competition_results,
author = {NIPS},
title = {NIPS : Feature Selection Challenge Results},
year = {2014},
howpublished={\url{http://nipsfsc.ecs.soton.ac.uk/results/}}
}

@Book{filter_svms,
  title =	"Combining a Filter Method with {SVM}s",
  author =	"Thomas Navin Lal and Olivier Chapelle and Bernhard Sch{\"o}lkopf",
  publisher =	"Springer",
  year = 	"2004",
  month =	oct,
  URL =  	"http://eprints.pascal-network.org/archive/00000409/;
		 http://www.springeronline.com/sgw/cda/",
}

@INPROCEEDINGS{filter_methods,
    author = {Wlodzislaw Duch},
    title = {Filter Methods},
    booktitle = {Feature extraction, foundations and applications},
    year = {2004},
    pages = {89--118},
    publisher = {Physica Verlag, Springer}
}

@article{libsvm,
 author = {Chang, Chih-Chung and Lin, Chih-Jen},
 title = {{LIBSVM}: A library for support vector machines},
 journal = {ACM Transactions on Intelligent Systems and Technology},
 volume = {2},
 issue = {3},
 year = {2011},
 pages = {27:1--27:27},
 note =	 {Software available at \url{http://www.csie.ntu.edu.tw/~cjlin/libsvm}}
}

@incollection{feature_selection_intro,
	year={2006},
	isbn={978-3-540-35487-1},
	booktitle={Feature Extraction},
	volume={207},
	series={Studies in Fuzziness and Soft Computing},
	editor={Guyon, Isabelle and Nikravesh, Masoud and Gunn, Steve and Zadeh, LotfiA.},
	title={An Introduction to Feature Extraction},
	url={http://dx.doi.org/10.1007/978-3-540-35488-8_1},
	publisher={Springer Berlin Heidelberg},
	author={Guyon, Isabelle and Elisseeff, Andr√©},
	pages={1-25},
}

@techreport{grid_search,
  author = {Hsu, Chih-Wei and Chang, Chih-Chung and Lin, Chih-Jen},
  institution = {Department of Computer Science, National Taiwan University},
  title = {A Practical Guide to Support Vector Classification},
  url = {http://www.csie.ntu.edu.tw/~cjlin/papers.html},
  year = 2003
}

@unpublished {garcia:correlation_tutorial,
	author = {Garcia, E. },
	title = {A Tutorial on
Correlation Coefficients} ,
	year = {2011},
	note = {Available at : \url{http://web.simmons.edu/~benoit/lis642/a-tutorial-on-correlation-coefficients.pdf}},
}