@misc{tool:freq_analyzer,
	title = {Frequency Analysis : Breaking the Code},
	author = {Daniel Rodriguez-Clark},
	howpublished= {\url{http://crypto.interactive-maths.com/frequency-analysis-breaking-the-code.html}},
	year = {2013},
}

@misc{tool:design215,
	title = {Word Pattern Finder v1.3},
	author = {Robert Giordano},
	howpublished= {\url{http://www.design215.com/toolbox/wordpattern.php}},
	year = {2012},
}

@misc{website:puzzle_info,
	title = {The HeadLine Puzzle : Solving},
	author = {Jude Patterson},
	howpublished= {\url{https://sites.google.com/site/theheadlinepuzzle/help/resources}},
	year = {2014},
}

@misc{tool:vigenere_cracker,
	title = {Vigen√®re Cipher Codebreaker},
	author = {Groundspeak Inc.},
	howpublished = {\url{http://www.mygeocachingprofile.com/codebreaker.vigenerecipher.aspx}},
	year = {2014},
}

@book{book:ent,
	title={Elementary Number Theory: Primes, Congruences, and Secrets},
	author = {William Stein},
	year={2011},
	howpublished = {\url{http://modular.math.washington.edu/ent/ent.pdf}}
}

@misc{website:cloudflare_primer,
	title = {A (Relatively Easy To Understand) Primer on Elliptic Curve Cryptography},
	author = {Nick Sullivan},
	howpublished= {\url{http://blog.cloudflare.com/a-relatively-easy-to-understand-primer-on-elliptic-curve-cryptography}},
	year = {2013},
}

@misc{notes:ecc_notes,
	title = {ECC Mathematics Notes},
	author = {Jones, G. A.},
	howpublished= {\url{https://secure.ecs.soton.ac.uk/notes/elec6032/gaj/6032EllCurves.pdf}},
	year = {2011},
}

@misc{website:key_finder,
	title = {Headline Key solver using Web Workers},
	author = {Bill Mason},
	howpublished= {\url{ttp://bionsgadgets.appspot.com/ww_forms/hl_key_web_worker.html}},
	year = {2014},
}