@techreport{cavallaro,
	author = {Lorenzo Cavallaro and Christopher Kruegel and Giovanni Vigna},
    title = {Mining the Network Behavior of Bots},
    year = {2009},
	institution={Department of Computer Science, University of California, Santa Barbara},
}

@techreport{survey,

    author = {Xu, Rui and Wunsch, D.},
    booktitle = {Neural Networks, IEEE Transactions on},
    citeulike-article-id = {469342},
    citeulike-linkout-0 = {http://dx.doi.org/10.1109/tnn.2005.845141},
    citeulike-linkout-1 = {http://ieeexplore.ieee.org/xpls/abs\_all.jsp?arnumber=1427769},
    doi = {10.1109/tnn.2005.845141},
    institution = {Dept. of Electr. \& Comput. Eng., Univ. of Missouri-Rolla, Rolla, MO, USA},
    issn = {1045-9227},
    journal = {Neural Networks, IEEE Transactions on},
    month = may,
    number = {3},
    pages = {645--678},
    posted-at = {2009-01-22 09:29:10},
    priority = {5},
    publisher = {IEEE},
    title = {{Survey of clustering algorithms}},
    url = {http://dx.doi.org/10.1109/tnn.2005.845141},
    volume = {16},
    year = {2005}
}


@article{BIRCH,
 author = {Zhang, Tian and Ramakrishnan, Raghu and Livny, Miron},
 title = {BIRCH: An Efficient Data Clustering Method for Very Large Databases},
 journal = {SIGMOD Rec.},
 issue_date = {June 1996},
 volume = {25},
 number = {2},
 month = jun,
 year = {1996},
 issn = {0163-5808},
 pages = {103--114},
 numpages = {12},
 url = {http://doi.acm.org/10.1145/235968.233324},
 doi = {10.1145/235968.233324},
 acmid = {233324},
 publisher = {ACM},
 address = {New York, NY, USA}
} 

@article{CURE,
 author = {Guha, Sudipto and Rastogi, Rajeev and Shim, Kyuseok},
 title = {CURE: An Efficient Clustering Algorithm for Large Databases},
 journal = {SIGMOD Rec.},
 issue_date = {June 1998},
 volume = {27},
 number = {2},
 month = jun,
 year = {1998},
 issn = {0163-5808},
 pages = {73--84},
 numpages = {12},
 url = {http://doi.acm.org/10.1145/276305.276312},
 doi = {10.1145/276305.276312},
 acmid = {276312},
 publisher = {ACM},
 address = {New York, NY, USA}
}

@article{Hou201055,
title = "Malicious web content detection by machine learning ",
journal = "Expert Systems with Applications ",
volume = "37",
number = "1",
pages = "55 - 60",
year = "2010",
note = "",
issn = "0957-4174",
doi = "http://dx.doi.org/10.1016/j.eswa.2009.05.023",
url = "http://www.sciencedirect.com/science/article/pii/S095741740900445X",
author = "Yung-Tsung Hou and Yimeng Chang and Tsuhan Chen and Chi-Sung Laih and Chia-Mei Chen",
keywords = "Dynamic \{HTML\}",
keywords = "Malicious webpage",
keywords = "Machine learning "
}

@article{IP_classificaton,
 author = {Nguyen, T. T.T. and Armitage, G.},
 title = {A Survey of Techniques for Internet Traffic Classification Using Machine Learning},
 journal = {Commun. Surveys Tuts.},
 issue_date = {October 2008},
 volume = {10},
 number = {4},
 month = oct,
 year = {2008},
 issn = {1553-877X},
 pages = {56--76},
 numpages = {21},
 url = {http://dx.doi.org/10.1109/SURV.2008.080406},
 doi = {10.1109/SURV.2008.080406},
 acmid = {2211395},
 publisher = {IEEE Press},
 address = {Piscataway, NJ, USA},
 keywords = {Flow clustering, Internet Protocol, Machine Learning, Payload inspection, Real Time, Statistical traffic properties, Traffic classification}
} 

@article{syscalls,
  added-at = {2011-11-15T00:00:00.000+0100},
  author = {Ding, Yuxin and Yuan, Xuebing and Zhou, Di and Dong, Li and An, Zhanchao},
  journal = {Computers \& Security},
  keywords = {dblp},
  number = {6-7},
  pages = {514-524},
  title = {Feature representation and selection in malicious code detection methods based on static system calls.},
  url = {http://dblp.uni-trier.de/db/journals/compsec/compsec30.html#YuxinXDLZ11},
  volume = 30,
  year = 2011
}
