@BOOK{Witten2011,
	AUTHOR = {Witten, Ian H. AND Frank, Eibe AND Hall, Mark A.},
	YEAR = {2011},
	TITLE = {Data Mining: Practical Machine Learning Tools and Techniques},
	EDITION = {3. Aufl.},
	ISBN = {978-0-080-89036-4},
	PUBLISHER = {Elsevier},
	ADDRESS = {Amsterdam},
}

@BOOK{Goldberg1989,
	AUTHOR = {Goldberg, David E.},
	YEAR = {1989},
	TITLE = {Genetic Algorithms - },
	EDITION = {1st},
	ISBN = {978---8-1-77-58-8},
	PUBLISHER = {Addison-Wesley},
	ADDRESS = {Reading},
}