@BOOK{pgcook,
	AUTHOR="Gifford, M.",
	TITLE="PhoneGap Mobile Application Development Cookbook",
	PUBLISHER={Packt Publishing Ltd.},
	ADDRESS = {Livery Place, 35 Livery Street, Birmingham B3 2PB, United Kingdom.},
	YEAR=2012
}

@inproceedings{ken,
  author    = {Anthony I. Wasserman},
  title     = {Software engineering issues for mobile application development},
  booktitle = {FoSER},
  year      = {2010},
  pages     = {397-400}
}