@techreport{floats,
	author="Budin, L. and Golub, M. and Budin, A. ",
	title="Traditional Techniques of Genetic Algoriths Applied to Chromosome Representations",
	institution="Faculty of Electrical Engineering and Computing, University of Zagreb",
	year="1996"
}

@techreport{PDJ,
	author="Potter, M.A. and De Jong, K.",
	institution="Computer Science Department, George Mason University",
	title="A Cooperative Coevolutionary Approach to Function Optimization",
	year="1994"
}

@techreport{float_error,
	title="What Every Computer Scientist Should know About Floating-Point Arithmetic",
	author="David Goldberg",
	year="1991"
}

@techreport{schwe_correct,
	author="Molga, M. and Smutnicki, C.",
	title="Test functions for optimization needs",
	year="2005",
	institurion="Wroc≈Çaw University of Technology"
}

@misc{website:matlab_schwe,
	author = "Hartmut Pohlheim",
	title = "GEATbx: Example Functions (single and multi-objective functions) 2 Parametric Optimization",
	url = "http://www.geatbx.com/docu/fcnindex-01.html#P150_6749",
	year = "2006",
	howpublished = "\url{http://www.geatbx.com/docu/fcnindex-01.html#P150_6749}"
}

@techreport{FODAVA,
	title="Generalized Crowding for Genetic Algorithms",
	year="2010",
	author="Galan, F.S. and Mengshoel, O.J."
}