@BOOK{pgcook,
	AUTHOR = {Gifford, Matt},
	YEAR = {2012},
	TITLE = {PhoneGap Mobile Application Development Cookbook - },
	EDITION = {},
	ISBN = {978-1-849-51859-8},
	PUBLISHER = {Packt Publishing Ltd},
	ADDRESS = {Birmingham},
}

@BOOK{pge,
	AUTHOR = {Wargo, John M.},
	YEAR = {2012},
	TITLE = {PhoneGap Essentials - Building Cross-Platform Mobile Apps},
	EDITION = {},
	ISBN = {978-0-321-81429-6},
	PUBLISHER = {Addison-Wesley Professional},
	ADDRESS = {Boston},
}

@BOOK{eps,
	AUTHOR = {Shiflett, Chris},
	YEAR = {2009},
	TITLE = {Essential PHP Security - },
	EDITION = {},
	ISBN = {978-0-596-55267-1},
	PUBLISHER = {O'Reilly Media, Inc.},
	ADDRESS = {Sebastopol, CA},
}

@BOOK{pmwd,
	AUTHOR = {Welling, Luke AND Thomson, Laura},
	YEAR = {2008},
	TITLE = {PHP and MySQL Web Development - },
	EDITION = {4. Aufl.},
	ISBN = {978-0-768-68643-2},
	PUBLISHER = {Pearson Education},
	ADDRESS = {Amsterdam},
}

@BOOK{jsninja,
	AUTHOR = {Resig, John AND Bibeault, Bear},
	YEAR = {2012},
	TITLE = {Secrets of the JavaScript Ninja - },
	EDITION = {Pap/Psc},
	ISBN = {978-1-933-98869-6},
	PUBLISHER = {Manning},
	ADDRESS = {Birmingham},
}

@book{bootbook,
	AUTHOR = {Cochran, David},
	YEAR = {2012},
	TITLE = {Twitter Bootstrap Web Development How-To - },
	EDITION = {},
	ISBN = {978-1-849-51883-3},
	PUBLISHER = {Packt Publishing Ltd},
	ADDRESS = {Birmingham},
}

@book{la,
	AUTHOR = {Gargenta, Marko},
	YEAR = {2011},
	TITLE = {Learning Android - },
	EDITION = {},
	ISBN = {978-1-449-30724-0},
	PUBLISHER = {O'Reilly Media, Inc.},
	ADDRESS = {Sebastopol, CA},
}

@manual{tbook,
	title="The Twig Book",
	year="2013",
	month="03",
	author="SensioLabs",
	url="http://twig.sensiolabs.org/documentation"
}

@manual{mapsdocs,
	title="{Google Maps JavaScript API v3}",
	author="Google",
	year="2013",
	month="03",
	url="http://developers.google.com/maps/documentation/javascript/tutorial"
}

@manual{bootman,
	title="{Bootstrap Manual}",
	author="Twitter",
	year="2013",
	url="http://twitter.github.com/bootstrap/getting-started.html"
}

@manual{phpdoc,
	author="{PHP Documentation Group}",
	title="PHP Manual",
	year="2013",
	month="03",
	url="http://docs.php.net/manual/en/"
}

@manual{mysqldoc,
	url="http://dev.mysql.com/doc/refman/5.5/en/index.html",
	year="2013",
	author="Oracle",
	month="03",
	title="{MySQL Reference Manual}"
}

@manual{jqdocs,
	url="http://api.jquery.com",
	year="2013",
	author="The jQuery Foundation",
	title="{jQuery API}"
}

@manual{jqmdocs,
	url="http://api.jquerymobile.com/",
	year="2013",
	author="The jQuery Foundation",
	title="{jQuery Mobile API Documentation}"
}

@manual{pgdocs,
	url="http://docs.phonegap.com/en/2.5.0/index.html",
	year="2013",
	author="PhoneGap",
	title="{PhoneGap Documentation}"
}

@inproceedings{ken,
  author    = {Anthony I. Wasserman},
  title     = {Software engineering issues for mobile application development},
  booktitle = {FoSER},
  year      = {2010},
  pages     = {397-400}
}